@article{SD,
	title= "Presentacion de la University of California",
	author = "Frank Uyeda",
	url = "https://cseweb.ucsd.edu/classes/su09/cse120/lectures/Lecture7.pdf",
	note = {Disponible en \url{https://cseweb.ucsd.edu/classes/su09/cse120/lectures/Lecture7.pdf}}
}

@misc{prest,
	title = "Presentacion informativa en Gestion de Memoria",
	url = "http://gssi.det.uvigo.es/users/mlnores/public_html/7w.pdf",
	note = {Disponible en \url{http://gssi.det.uvigo.es/users/mlnores/public_html/7w.pdf}}
}

@misc{Wisconsin,
	title = "Memory Management",
	author = "Andrea C. Arpaci-Dusseau \& Remzi H. Arpaci-Dusseau",
	url = "http://pages.cs.wisc.edu/\~remzi/Classes/537/Fall2005/Lectures/lecture12.pdf",
	\note = {Disponible en \url{http://pages.cs.wisc.edu/\~remzi/Classes/537/Fall2005/Lectures/lecture12.pdf}}
}
