@book{Silberschatz,
	title= "Fundamentos de Sistemas Operativos, 7ma Edici{\'o}n",
	author = "Abraham Silberschatz \& Peter Baer Galvin \& Greg Gagne",
	year = "2005",
	publisher = "McGraw Hill"
}

@book{Tannenbaum,
	title= "Sistemas Operativos Modernos 3ed",
	author = "Andrew S. Tanenbaum",
	year = "2009",
	publisher = "Pearson Educaci√≥n"
}

@misc{EECS,
	title = "Presentacion de PennState Collefe of Engineering",
	url = "http://www.cse.psu.edu/\~trj1/cse473-s08/slides/cse473-lecture-16-virtual.pdf",
	note = {Disponible en \url{http://www.cse.psu.edu/\~trj1/cse473-s08/slides/cse473-lecture-16-virtual.pdf}}
}

@misc{TSOE,
	title = "Presentacion de Tandon School of Engineering",
	url = "http://cis.poly.edu/cs3224a/Slides/CS3224\%20-\%203.\%20Memory\%20Management.pdf",
	note = {Disponible en \url{http://cis.poly.edu/cs3224a/Slides/CS3224\%20-\%203.\%20Memory\%20Management.pdf}}
}

@misc{wsclock,
	title = "WSClock",
	author = "Marvin Solomon",
	url = "http://cs.winona.edu/Francioni/cs405/wsclock.html",
	note = {Disponible en \url{http://cs.winona.edu/Francioni/cs405/wsclock.html}}
}
