@book{stallings,
	title= "Organizaci{\'o}n y arquitectura de computadores",
	author = "Stallings, W.",
	isbn = "9788489660823",
	url = 	"https://books.google.co.ve/books?id=C3HTAAAACAAJ",
	year = "2006",
	publisher = "Pearson Educaci{\'o}n"
}

@misc{uva,
	title = "Presentacion de la Universidad de Valladolid(UVA)",
	author = "Francisco J. Gonz√°lez Cabrera",
	url = "http://www.infor.uva.es/\~fjgonzalez/apuntes/Tema_3.pdf",
	note = {Disponible en \url{http://www.infor.uva.es/\~fjgonzalez/apuntes/Tema_3.pdf}}
}

@misc{ucv,
	title = "Material de la Universidad Central de Venezuela(UCV)",
	url = "http://www.ciens.ucv.ve:8080/genasig/sites/organizacion-del-comp-II/archivos/Interrupciones.pdf",
	note = {Disponible en \url{http://www.ciens.ucv.ve:8080/genasig/sites/organizacion-del-comp-II/archivos/Interrupciones.pdf}}
}

@misc{harvard,
	title = "OS Structure and System Calls",
	author = "Matt Welsh",
	url = "http://www.eecs.harvard.edu/\~mdw/course/cs161/sp07/notes/osstructure.pdf",
	note = {Disponible en \url{http://www.eecs.harvard.edu/\~mdw/course/cs161/sp07/notes/osstructure.pdf}}}
}
