@book{Silberschatz,
	title= "Fundamentos de Sistemas Operativos, 7ma Edici{\'o}n",
	author = "Abraham Silberschatz \& Peter Baer Galvin \& Greg Gagne",
	year = "2005",
	publisher = "McGraw Hill"
}

@book{pctr,
	title= "Programación Concurrente y Tiempo Real, Tercera Edición",
	author = "David Vallejo Fernández \& Carlos González Morcillo \& Javier A. Albusac Jiménez",
	year = "2016"
}

@article{massachussetsUniversity,
	title= "Scheduling Algorithms and Operating Systems Support for Real-Time Systems",
	author = "Krithi Ramamrithan \& John A. Stankovic",
	note = {Disponible en \url{http://sweet.ua.pt/lda/str/ramamritham94scheduling.pdf}}
}

@misc{UoL,
	title = "Presentacion de la University of Limerick",
	url = "http://garryowen.csisdmz.ul.ie/\~cs4023/resources/oth6.pdf",
	note = {Disponible en \url{http://garryowen.csisdmz.ul.ie/\~cs4023/resources/oth6.pdf}}
}

@misc{CECS,
	title = "Introduction to Operating Systems - Interprocesses Communication \& Synchronization",
	author = "Jonathan Walpole",
}
