@book{Silberschatz,
	title= "Fundamentos de Sistemas Operativos, 7ma Edici{\'o}n",
	author = "Abraham Silberschatz \& Peter Baer Galvin \& Greg Gagne",
	year = "2005",
	publisher = "McGraw Hill"
}

@article{massachussetsUniversity,
	title= "Scheduling Algorithms and Operating Systems Support for Real-Time Systems",
	author = "Krithi Ramamrithan \& John A. Stankovic",
	note = {Disponible en \url{http://sweet.ua.pt/lda/str/ramamritham94scheduling.pdf}}
}

@misc{pag1,
	title = "Planificacion del Procesador",
	url = "http://pachel.tripod.com/materias/material3sis.htm",
	note = {Disponible en \url{http://pachel.tripod.com/materias/material3sis.htm}}
}

@misc{intef,
	title = "Instituto Nacional de Tecnologias Educativas y de Formacion del Profesorado (intef, España)",
	author = "Justo Sáez Arenas",
	url = "http://mimosa.pntic.mec.es/~jsaez9/Clases/simr/B-Sist_Operativos/T7-Gestion%20de%20Procesos.pdf",
	note = {Disponible en \url{http://mimosa.pntic.mec.es/~jsaez9/Clases/simr/B-Sist_Operativos/T7-Gestion%20de%20Procesos.pdf}}
}

@misc{jaume,
	title = "Universitat Jaume I",
	author = "Mercedes Fernández Redondo",
	url = "http://www3.uji.es/\~redondo/so/capitulo2_IS11.pdf",
	note = {Disponible en \url{http://www3.uji.es/\~redondo/so/capitulo2_IS11.pdf}}
}

@misc{uic,
	title = "University of Illinois",
	author = "John T. Bell",
	url = "https://www.cs.uic.edu/\~jbell/CourseNotes/OperatingSystems/5_CPU_Scheduling.html",
	note = {Disponible en \url{https://www.cs.uic.edu/\~jbell/CourseNotes/OperatingSystems/5_CPU_Scheduling.html}}
}

@misc{presentacion,
	title = "Multilevel Queue Scheduling",
	author = "Nada Yahya \& Saphia Osama \& Arwa Salem",
	url = "https://prezi.com/kzs2ycuj-c65/multilevel-queue-scheduling/",
	note = {Disponible en \url{https://prezi.com/kzs2ycuj-c65/multilevel-queue-scheduling/}}
}
