@book{Silberschatz,
	title= "Fundamentos de Sistemas Operativos, 7ma Edici{\'o}n",
	author = "Abraham Silberschatz \& Peter Baer Galvin \& Greg Gagne",
	year = "2005",
	publisher = "McGraw Hill"
}

@article{massachussetsUniversity,
	title= "Scheduling Algorithms and Operating Systems Support for Real-Time Systems",
	author = "Krithi Ramamrithan \& John A. Stankovic",
	note = {Disponible en \url{http://sweet.ua.pt/lda/str/ramamritham94scheduling.pdf}}
}

@misc{UoL,
	title = "Presentacion de la University of Limerick",
	url = "http://garryowen.csisdmz.ul.ie/\~cs4023/resources/oth6.pdf",
	note = {Disponible en \url{http://garryowen.csisdmz.ul.ie/\~cs4023/resources/oth6.pdf}}
}

@misc{CECS,
	title = "Presentacion de la University of Limerick",
	url = "http://web.cecs.pdx.edu/\~walpole/class/cse513/slides/3.pdf",
	note = {Disponible en \url{http://web.cecs.pdx.edu/\~walpole/class/cse513/slides/3.pdf}}
}

http://web.cecs.pdx.edu/\~walpole/class/cse513/slides/3.pdf