@book{kernelprogramming,
	title= "OS X and iOS Kernel Programming",
	author = "Ole Henry Halvorsen \& Douglas Clarke",
	year = "2011",
	publisher = "Apress"
}

@misc{iosArchitecture,
	title = "iOS Technology Overview",
	note = {Disponible en \url{https://developer.apple.com/library/ios/documentation/Miscellaneous/Conceptual/iPhoneOSTechOverview/Introduction/Introduction.html#//apple_ref/doc/uid/TP40007898-CH1-SW1}}
}

@misc{history1,
	title = "iOS visual history",
	url = "http://www.theverge.com/2011/12/13/2612736/ios-history-iphone-ipad",
	note = {Disponible en \url{http://www.theverge.com/2011/12/13/2612736/ios-history-iphone-ipad}}
}

@misc{memory,
	title = "iOS Memory Management",
	url = "http://rypress.com/tutorials/objective-c/memory-management",
	note = {Disponible en \url{http://rypress.com/tutorials/objective-c/memory-management}}
}

@misc{files,
	title = "iOS XNU kernel",
	url = "http://www.macprogramadores.org/?q=content/kernel",
	note = {Disponible en \url{http://www.macprogramadores.org/?q=content/kernel}}
}

@misc{scheduling,
	title = "iOS XNU kernel",
	url = "https://developer.apple.com/library/mac/documentation/Darwin/Conceptual/KernelProgramming/scheduler/scheduler.html",
	note = {Disponible en \url{https://developer.apple.com/library/mac/documentation/Darwin/Conceptual/KernelProgramming/scheduler/scheduler.html}}
}


